@article{slabaugh1999computing,
  title={Computing Euler angles from a rotation matrix},
  author={Slabaugh, Gregory G},
  journal={Retrieved on August},
  volume={6},
  number={2000},
  pages={39--63},
  year={1999}
}
